<record><leader>00000cas a22000007a 4500</leader><controlfield tag="001">27319768</controlfield><controlfield tag="008">930126d19091909okuwr ne      0    0eng d</controlfield><datafield ind1=" " ind2=" " tag="010"><subfield code="a">sn 93065931 </subfield></datafield><datafield ind1=" " ind2=" " tag="040"><subfield code="a">OBN</subfield><subfield code="b">eng</subfield><subfield code="c">OBN</subfield><subfield code="d">OCLCQ</subfield><subfield code="d">OCLCF</subfield><subfield code="d">OCLCO</subfield></datafield><datafield ind1=" " ind2=" " tag="042"><subfield code="a">msc</subfield></datafield><datafield ind1=" " ind2=" " tag="043"><subfield code="a">n-us-ok</subfield></datafield><datafield ind1="0" ind2="4" tag="245"><subfield code="a">The Atoka democrat and the Indian citizen.</subfield></datafield><datafield ind1=" " ind2=" " tag="260"><subfield code="a">Atoka, Okla. :</subfield><subfield code="b">D.O. Groff</subfield></datafield><datafield ind1=" " ind2=" " tag="300"><subfield code="a">v.</subfield></datafield><datafield ind1=" " ind2=" " tag="310"><subfield code="a">Weekly</subfield></datafield><datafield ind1="0" ind2=" " tag="362"><subfield code="a">-Aug. 5, 1909.</subfield></datafield><datafield ind1=" " ind2=" " tag="500"><subfield code="a">Began in 1909.</subfield></datafield><datafield ind1=" " ind2=" " tag="588"><subfield code="a">Description based on: June 24, 1909.</subfield></datafield><datafield ind1=" " ind2="0" tag="651"><subfield code="a">Atoka (Okla.)</subfield><subfield code="v">Newspapers.</subfield></datafield><datafield ind1=" " ind2="0" tag="651"><subfield code="a">Atoka County (Okla.)</subfield><subfield code="v">Newspapers.</subfield></datafield><datafield ind1=" " ind2="7" tag="655"><subfield code="a">Newspapers.</subfield><subfield code="2">fast</subfield><subfield code="0">(OCoLC)fst01423814</subfield></datafield><datafield ind1=" " ind2="7" tag="651"><subfield code="a">Oklahoma</subfield><subfield code="z">Atoka.</subfield><subfield code="2">fast</subfield><subfield code="0">(OCoLC)fst01221557</subfield></datafield><datafield ind1=" " ind2="7" tag="651"><subfield code="a">Oklahoma</subfield><subfield code="z">Atoka County.</subfield><subfield code="2">fast</subfield><subfield code="0">(OCoLC)fst01208704</subfield></datafield><datafield ind1=" " ind2=" " tag="752"><subfield code="a">United States</subfield><subfield code="b">Oklahoma</subfield><subfield code="c">Atoka</subfield><subfield code="d">Atoka.</subfield></datafield><datafield ind1="0" ind2="4" tag="780"><subfield code="t">Atoka democrat</subfield><subfield code="w">(DLC)sn 93065930</subfield></datafield><datafield ind1="0" ind2="4" tag="780"><subfield code="t">Indian citizen (Atoka, Okla. : 1889)</subfield><subfield code="w">(DLC)sn 83025064</subfield></datafield><datafield ind1="0" ind2="0" tag="785"><subfield code="t">Indian citizen-democrat</subfield><subfield code="w">(DLC)sn 88084136</subfield></datafield></record>